<?xml version="1.0" encoding="UTF-8"?><collection xmlns="http://www.loc.gov/MARC21/slim"><record><leader>00445nam--2200133-i-4500</leader><controlfield tag="001">000007420</controlfield><controlfield tag="002">20161230</controlfield><controlfield tag="005">20161230201027</controlfield><controlfield tag="008">060222s1000------------r-----000-0-eng-d</controlfield><datafield ind1=" " ind2=" " tag="100"><subfield code="a">Brauman, J.I., Streitwieser, A.And Coulson, C. A</subfield></datafield><datafield ind1=" " ind2=" " tag="245"><subfield code="a">Supplemental tables of molecular orbital calcu lations with a dictionary of    -electron calc ulations</subfield></datafield><datafield ind1=" " ind2=" " tag="260"><subfield code="a">Oxford, Pergamon Press, 1965</subfield></datafield><datafield ind1=" " ind2=" " tag="490"><subfield code="a">Oxford Chemistry Series</subfield></datafield><datafield ind1=" " ind2=" " tag="852"><subfield code="a">539.19:541</subfield></datafield></record></collection>